2564 4522
242 154 560 218 cumulatorum
581 156 627 217 ΙΝ
647 156 814 218 REGNUM
834 157 1018 223 autumn.
1100 171 1159 230 αις

101 318 155 374 bus
169 335 293 390 quantum
307 319 420 376 laborem
434 321 461 375 u
473 320 613 374 molestiam
634 321 722 375 multis
737 319 764 374 in
784 323 847 376 locis
862 322 999 392 facescant,
1026 325 1092 378 nulli
1108 338 1161 378 non

100 388 212 447 constat.
246 394 300 442 imo
315 389 420 461 Qradru
440 388 495 442 edit
509 404 634 457 quoque,.
655 392 737 450 Aves,
758 390 853 454 Pisces,
875 393 981 455 Planta,
1002 391 1096 446 insella
1105 391 1162 460 ipsa

102 458 216 526 propriis
227 460 340 525 pediculis
353 407 441 510 moscii

102 525 282 580 exanthemata
295 527 409 594 corporis
422 525 540 577 numani
550 525 675 593 saepissime
696 525 805 582 causant.
840 531 943 596 Quanto
959 527 1061 597 agmine
1085 529 1161 592 Grylli

104 595 222 658 Africani
233 593 321 663 paucis
334 591 427 647 abhinc
443 593 515 646 annis
529 593 558 646 in
574 592 726 660 quibusdam
744 597 851 661 Europa
873 596 937 648 locis
949 613 966 648 v
999 594 1101 649 etabilia
1118 595 1161 648 dc·

103 659 238 722 aestuum,
251 661 279 715 dt
316 674 392 716 uanta
405 662 486 732 strage
501 662 588 715 Lmvae
613 662 776 729 Phalannam
801 663 936 729 quotannis
957 680 984 716 at
1003 680 1076 716 orum
1097 660 1161 717 solia

103 729 226 791 eaedem,
248 729 302 783 no'
323 746 403 781 rmum
423 729 467 782 est.
496 730 610 796 Mandela
630 729 760 796 quomodo
782 729 927 783 Pleuratum
949 729 1101 801 embryones
1122 744 1159 782 te·

102 796 187 849 nellos
208 795 290 866 primo
304 813 362 849 vere
378 796 503 855 destruat,
537 795 673 849 Hormlani
693 797 789 864 optime
811 797 927 852 noscunt.
960 800 1090 864 Derntestes
1102 815 1160 866 pte·

101 864 241 919 tiosrffimas
254 865 333 934 pelles
349 864 549 935 Qsadrupedum
567 864 594 916 δι
610 865 705 916 Avium
723 865 788 917 miro
813 866 889 918 modo
903 865 1033 922 dilacerat.
1068 866 1160 930 Oessrut

103 934 211 986 manu
237 931 355 989 molestia
382 932 491 984 maxima
527 930 679 1001 defatigatos
712 932 789 985 boves
820 933 903 986 estivo
933 948 1047 1003 tempore
1075 934 1161 988 allicit.

150 1016 194 1054 am
210 1001 306 1055 multos
321 999 438 1054 homines
459 1003 547 1052 Arraei
566 999 593 1053 u
614 1001 701 1065 Scarpii
722 1001 848 1061 necarint,
868 1002 895 1054 ἃ
913 1003 1047 1055 Tarantalae
1065 1001 1160 1055 insania

101 1068 256 1133 necerim,
284 1065 470 1122 observationes
492 1067 653 1122 Medicorum
675 1065 826 1134 testamur,⁴
846 1083 875 1122 ut
900 1067 1015 1123 sexcenta
1031 1068 1160 1137 ‚ejusmoni

100 1150 259 1204 praeteream.

134 1291 163 1342 7.
189 1275 299 1345 Usars(5)
313 1290 373 1326 vero
387 1272 540 1327 Inseliorum
565 1274 687 1327 maximos
703 1274 729 1326 in
755 1288 808 1326 atre
825 1274 956 1328 Tindioria
974 1272 1086 1343 praebent
1103 1277 1158 1328 Coc·

101 1344 213 1403 timella,
241 1345 337 1406 Keraier
369 1345 460 1403 Orcus,
475 1342 550 1394 Gallae
566 1337 598 1393 ab
624 1339 840 1394 ichneumonibus
862 1342 1002 1410 produlia.
1035 1342 1158 1396 Causini-

102 1410 161 1463 dem
171 1414 229 1462 usus
242 1411 269 1463 in
283 1408 334 1461 Chi
380 1412 437 1479 gia,
463 1412 548 1460 Meloer
565 1409 591 1461 in
605 1410 747 1468 Medicina,
765 1411 902 1475 lisiniarum
917 1412 944 1462 in
958 1426 1011 1463 arte
1025 1411 1159 1475 Tentoria,

100 1477 187 1534 mellis
203 1481 281 1544 Apum
295 1478 359 1531 inO
389 1476 491 1531 onomia
509 1477 559 1532 &o
575 1477 714 1530 notissimus
728 1475 771 1532 est.

134 1627 161 1679 8.
180 1619 332 1685 Proprierarer
345 1619 388 1689 (5)
404 1617 557 1673 infestorum
575 1617 618 1687 qui
634 1616 787 1670 considerare
803 1617 866 1668 velit
889 1616 1002 1672 curiosus
1020 1619 1158 1681 Scrutatur,

100 1687 146 1740 virt
165 1685 242 1737 ullibi
263 1689 352 1752 majori
368 1687 489 1740 afficiatur
509 1687 650 1754 voluptate.
683 1685 805 1736 Examina
827 1685 923 1741 niodo:
938 1685 1056 1739 Rostrum
1072 1689 1158 1738 Curru·

95 1756 184 1816 limis,
199 1755 303 1805 Cornua
319 1755 424 1816 Laconi,
442 1757 572 1807 Antennas
586 1752 741 1815 Cernmbycim
764 1751 894 1804 Articulos
908 1756 1008 1817 Meliss,
1026 1753 1088 1804 Aias
1102 1756 1156 1804 For-

92 1821 308 1890 ficusae‚‘l³lumas
321 1823 461 1887 Popiliana,
479 1824 576 1874 Oculos
600 1821 704 1879 Triarii,
725 1818 902 1870 ventriculum
916 1823 1012 1883 Ricini,
1030 1821 1158 1873 riculeum

99 1889 239 1949 Crabrrrais,
261 1888 381 1940 Colorem
404 1892 566 1951 cantharidis,
591 1886 767 1939 Elaliicitatem
785 1887 901 1946 Elarerir,
916 1886 1054 1940 Stridotem
1074 1888 1157 1952 Grylli,

100 1956 218 2009 Odorem
245 1958 353 2016 cimicis,
381 1958 523 2009 Exiiiratem
542 1960 629 2016 Arari,
649 1953 756 2013 Coi-tum
783 1953 915 2015 Libellum,
938 1954 1036 2007 Nidum
1060 1955 1158 2006 lehner-

96 2028 191 2086 mattr'r,
212 2025 292 2076 Favos
312 2026 403 2089 Apum,
425 2025 626 2077 Hibernaculum
647 2021 737 2084 Orfiti,
760 2018 905 2071 AEdificium
936 2023 1029 2088 Vespa,
1058 2022 1157 2075 Testem

99 2095 227 2154 Brennica,
249 2090 336 2142 Vitam
360 2094 509 2158 Ephemerae,
539 2095 667 2143 Acervum
687 2090 817 2148 Formica,
845 2088 954 2142 Foveam
974 2091 1157 2152 semirasura,

96 2159 192 2215 Telam
218 2161 332 2218 Annaea,
358 2163 478 2212 Natarum
504 2161 636 2219 Marruuii,
663 2153 772 2206 Cursum
789 2155 877 2218 Gyrini
901 2173 958 2224 aqu.
980 2155 1156 2224 Phosphorum

97 2228 262 2293 Lampyrilira
282 2226 409 2280 Scintillas
432 2229 598 2294 decimanda,
614 2222 814 2299 Renovationern
837 2224 935 2284 Cancri.
956 2226 1057 2276 Motum
1074 2226 1157 2294 Spira-

98 2295 153 2347 lem
172 2296 255 2348 Eracae
276 2313 303 2347 ex
324 2297 408 2359 Musca
423 2299 518 2346 cerulea
543 2294 718 2360 provenientis,
745 2293 830 2341 Vitam
855 2291 909 2343 sere
933 2290 1157 2346 indestructibilem

99 2364 186 2424 Erucae
202 2367 315 2430 aquatica
332 2365 435 2421 Tribuni,
450 2363 477 2414 δι
492 2356 706 2429 Metamorphoses
720 2357 751 2408 stc
768 2355 845 2409 dillas
861 2358 913 2411 fere
928 2360 1044 2412 omnium
1059 2360 1156 2424 lrrsesso·

96 2447 152 2483 rum
168 2429 196 2482 δι
212 2429 286 2498 plura
307 2430 334 2481 in
358 2431 468 2490 Oratione
490 2431 573 2483 noslta
595 2431 621 2482 de
643 2425 824 2492 Proprietoriiur
846 2429 996 2492 insessurum.
1029 2428 1157 2481 Stoelholm

95 2515 159 2565 ²759·
173 2497 199 2554 θ’
212 2516 279 2566 ¹747.
294 2509 360 2562 sivo,
372 2500 439 2552 Svec.

134 2651 161 2703 9.
180 2637 236 2689 Ova
252 2634 365 2704 plurium
383 2635 536 2690 infestorum
556 2635 651 2704 triplici
674 2616 851 2706 integumento
874 2631 1055 2694 obducuntur;
1072 2628 1156 2685 absce-

98 2703 176 2756 dente
198 2706 375 2774 lntegumento
390 2706 472 2772 primo
492 2705 634 2771 appellatur
649 2707 742 2766 Larua,
768 2702 996 2768 secundorum&
1011 2701 1085 2761 tertio
1100 2714 1155 2752 tan·
1222 2722 1224 2726 ·

98 2772 160 2824 dem
175 2772 290 2836 infidum
304 2771 464 2842 perseiimn3
483 2771 543 2824 hinc
564 2772 592 2823 in
605 2773 728 2841 ejusmodi
744 2772 798 2824 ovis
811 2771 904 2839 triplex
918 2769 1026 2822 exclusio
1041 2768 1116 2820 Pulli.

137 2923 178 2966 uc.
197 2912 228 2962 ln
243 2908 320 2964 Tubo
341 2910 478 2965 intestinali
491 2911 634 2964 Hominum
655 2927 704 2963 tres
723 2910 823 2978 Species
842 2907 990 2961 animalium
1012 2920 1157 2967 occurrunt,

98 2974 232 3030 lumbrici
248 2995 353 3047 nempe,
368 2979 514 3040 Ascarides‚
533 2979 560 3031 de
585 2979 687 3036 Taenia.
721 2978 799 3048 Quod
820 2978 958 3029 Lumbricus
981 2975 1155 3028 intestinorum

97 3062 152 3097 una
168 3045 306 3113 eademque
321 3045 348 3098 srt
368 3046 462 3126 species
477 3062 535 3098 cum
551 3046 687 3098 Lurnbrico
705 3045 812 3097 terrestri
833 3044 1016 3112 vulgatissimo,
1037 3043 1157 3094 monstrat

97 3111 184 3181 figura
196 3113 313 3167 omnium
324 3130 446 3182 partium.
479 3111 556 3182 Qrod
575 3115 696 3177 Ascurida
711 3114 787 3164 iidem
803 3112 848 3164 fint
870 3128 928 3163 cum
948 3109 1090 3162 lumbricis
1104 3110 1156 3162 illia

96 3181 287 3244 minutissimis,
306 3183 334 3234 in
347 3182 411 3234 loeis
424 3180 549 3250 paludosis
568 3180 666 3247 ubique
681 3179 779 3241 obviis,
801 3198 830 3231 ex
844 3178 955 3246 autopsta
969 3178 1099 3230 clariffirne
1114 3192 1157 3243 pa-

96 3262 144 3304 tet.
185 3252 266 3300 Taenia
279 3249 410 3317 hucusque
430 3266 477 3317 pro
493 3247 574 3316 specie
599 3249 726 3316 parasitica
740 3246 825 3300 habita
836 3245 888 3311 est,
903 3263 982 3312 quum
998 3245 1024 3296 in
1038 3244 1156 3296 Homini·

95 3312 167 3379 bus,
183 3314 312 3379 Canibus,
327 3314 438 3369 Piscibus
452 3317 499 3369 dec.
514 3315 709 3383 frequentissime
721 3315 829 3367 solitaria
844 3328 940 3382 reperta
956 3312 1046 3374 suerit,
1063 3311 1090 3364 ἃ
1103 3328 1156 3361 rna-

94 3384 199 3435 ximum
213 3388 346 3453 negotium
361 3384 412 3436 illis
423 3383 539 3447 facescir-,
553 3383 597 3450 qui
613 3385 638 3436 in
654 3383 795 3453 indaganda
811 3380 981 3434 Generarione
997 3378 1157 3431 Animalium

96 3451 249 3518 diligentem
269 3469 284 3505 o
304 3469 370 3505 eram
390 3452 561 3505 contulerunt.
595 3455 650 3530 Ego
668 3469 729 3503 vero
753 3453 796 3519 (in
812 3450 900 3502 itinere
919 3446 1156 3524 Reuterholminnu-

96 3518 266 3573 Dalekarlico
281 3470 428 3588 Rumina.
445 3518 610 3579 constitutus,
625 3536 652 3571 m
666 3518 794 3587 presentia
809 3521 910 3584 Septem
925 3515 1075 3581 Socrorum)
1091 3512 1156 3564 hanc

95 3588 166 3639 inter
179 3587 291 3640 Ochram
305 3589 460 3641 acidularern
473 3585 623 3654 Jaernensem
637 3587 737 3645 inveni,
753 3587 822 3653 quod
836 3582 945 3637 maxim‘e
966 3581 1070 3634 miratus
1085 3579 1156 3641 sum3

96 3672 179 3722 quum
194 3672 261 3722 aqua
272 3656 393 3709 acidulari
408 3654 532 3723 ejusmodi
540 3653 639 3707 Tunius
652 3672 681 3706 ex
701 3654 776 3706 ellere
785 3652 889 3720 plurimi
898 3664 1003 3705 tentant.
1030 3649 1107 3725 ilinc
1120 3649 1157 3699 se·

95 3724 187 3791 quitur
199 3726 304 3776 Vetmes
320 3741 372 3777 non
396 3723 471 3787 oriri,
485 3739 514 3773 ex
536 3721 591 3774 ovis
619 3673 789 3782 snsedorum,
814 3718 958 3771 Muscarum
982 3717 1008 3769 ἃ
1036 3715 1155 3772 sunrlrum

94 3790 179 3859 (quod
199 3789 301 3846 fifieret
320 3807 451 3858 nunquam
469 3789 636 3856 multiplicari
648 3788 753 3857 possent
770 3801 836 3841 mrra
851 3783 957 3839 Tubum
978 3781 1156 3846 lnteslinalem

95 3859 124 3912 dt
146 3858 286 3923 secuudum
305 3859 398 3934 gradm
412 3855 642 3976 metamorphosgos
658 3857 780 3927 perirent)
798 3855 839 3909 sed
855 3853 949 3914 exosis
961 3851 1157 3975 Veuuiuuffiae’

638 3937 653 3997 ἱ
945 3945 949 3953 ·
1102 3932 1155 3977 W!
1230 3959 1232 3964 ,

576 4013 579 4021 .
650 4020 663 4040 υ
756 4023 768 4034 ἢ
1130 4009 1133 4014 .

442 472 523 509 antur.
559 462 632 510 Arari
645 457 798 511 Inseiiorum
811 460 916 512 minima
930 460 1097 520 animalcula,
1108 459 1161 528 ipsa
1253 497 1256 502 ι
